@article{Gladkov2017,
  doi = {10.1038/s41598-017-15506-2},
  url = {https://doi.org/10.1038/s41598-017-15506-2},
  year = {2017},
  month = nov,
  publisher = {Springer Nature},
  volume = {7},
  number = {1},
  author = {Arseniy Gladkov and Yana Pigareva and Daria Kutyina and Vladimir Kolpakov and Anton Bukatin and Irina Mukhina and Victor Kazantsev and Alexey Pimashkin},
  title = {Design of Cultured Neuron Networks in vitro with Predefined Connectivity Using Asymmetric Microfluidic Channels},
  journal = {Scientific Reports}
}

@article{Chu2014,
  doi = {10.1007/s40684-014-0012-5},
  url = {https://doi.org/10.1007/s40684-014-0012-5},
  year = {2014},
  month = jan,
  publisher = {Springer Science and Business Media {LLC}},
  volume = {1},
  number = {1},
  pages = {75--92},
  author = {Won-Shik Chu and Chung-Soo Kim and Hyun-Taek Lee and Jung-Oh Choi and Jae-Il Park and Ji-Hyeon Song and Ki-Hwan Jang and Sung-Hoon Ahn},
  title = {Hybrid manufacturing in micro/nano scale: A Review},
  journal = {International Journal of Precision Engineering and Manufacturing-Green Technology}
}

@article{Vaezi2012,
  doi = {10.1007/s00170-012-4605-2},
  url = {https://doi.org/10.1007/s00170-012-4605-2},
  year = {2012},
  month = nov,
  publisher = {Springer Science and Business Media {LLC}},
  volume = {67},
  number = {5-8},
  pages = {1721--1754},
  author = {Mohammad Vaezi and Hermann Seitz and Shoufeng Yang},
  title = {A review on 3D micro-additive manufacturing technologies},
  journal = {The International Journal of Advanced Manufacturing Technology}
}

@article{Mohammed2017,
  doi = {10.18502/keg.v2i2.593},
  url = {https://doi.org/10.18502/keg.v2i2.593},
  year = {2017},
  month = feb,
  publisher = {Knowledge E},
  volume = {2},
  number = {2},
  pages = {37},
  author = {Mazher Iqbal Mohammed and Joseph Tatineni and Brenton Cadd and Greg Peart and Ian Gibson},
  title = {Advanced auricular prosthesis development by 3D modelling and multi-material printing},
  journal = {{KnE} Engineering}
}

@article{SanchezRomaguera2008,
  doi = {10.1016/j.reactfunctpolym.2008.02.007},
  url = {https://doi.org/10.1016/j.reactfunctpolym.2008.02.007},
  year = {2008},
  month = jun,
  publisher = {Elsevier {BV}},
  volume = {68},
  number = {6},
  pages = {1052--1058},
  author = {Veronica Sanchez-Romaguera and Marie-Beatrice Madec and Stephen G. Yeates},
  title = {Inkjet printing of 3D metal{\textendash}insulator{\textendash}metal crossovers},
  journal = {Reactive and Functional Polymers}
}

@article{Skript,
year = {2019},
month = aug,
publisher = {Professur für Neuroelektronik},
author = {Sabine Zips and Philipp Rinklin and Lennart Weiß},
title = {V{P} - 3{D} printing for {B}ioelectronics and {B}iomedical {A}pplications}
}

@article{TheoreticalMicrofluidics,
year = {2004},
month = aug,
publisher = {MIC – Department of Micro and Nanotechnology},
author = {Henrik Bruus},
title = {Theoretical {M}icrofluidics}
}

@book{Kirby2009,
  doi = {10.1017/cbo9780511760723},
  url = {https://doi.org/10.1017/cbo9780511760723},
  year = {2010},
  publisher = {Cambridge University Press},
  author = {Brian Kirby},
  title = {Micro- and Nanoscale Fluid Mechanics}
}